
@article{FP20Tor,
  title={Faithful permutation representations of toroidal regular maps},
  author={Fernandes, M. E. and Piedade, C. A.},
  journal={Journal of Algebraic Combinatorics},
  volume={52},
  number={3},
  pages={317--337},
  year={2020},
  publisher={Springer}
}

@article{FP21Cor,
  title={Correction to “Faithful permutation representations of toroidal regular maps”},
  author={Fernandes, M. E. and Piedade, C. A.},
  journal={Journal of Algebraic Combinatorics},
  volume={54},
  pages={733--738},
  year={2021},
  publisher={Springer}
}

@article{FP21Hyper,
  title={The degrees of toroidal regular proper hypermaps},
  author={Fernandes, M. E. and Piedade, C. A.},
  journal={The Art of Discrete and Applied Mathematics},
  volume={4},
  number={3},
  pages={P3--13},
  year={2021}
}

@article{FP22Loc,
  title={The Degrees of Regular Polytopes of Type [4, 4, 4]},
  author={Fernandes, M. E. and Piedade, C. A.},
  journal={SIAM Journal on Discrete Mathematics},
  volume={36},
  number={2},
  pages={1143--1155},
  year={2022},
  publisher={SIAM}
}

@article{johnson_minimal_1971,
	title = {Minimal {Permutation} {Representations} of {Finite} {Groups}},
	volume = {93},
	issn = {00029327},
	url = {https://www.jstor.org/stable/2373739?origin=crossref},
	doi = {10.2307/2373739},
	number = {4},
	urldate = {2023-09-21},
	journal = {American Journal of Mathematics},
	author = {Johnson, D. L.},
	month = oct,
	year = {1971},
	pages = {857},
}

@article{easdown_minimal_1988,
	title = {On minimal faithful permutation representations of finite groups},
	volume = {38},
	issn = {0004-9727, 1755-1633},
	url = {https://www.cambridge.org/core/product/identifier/S0004972700027489/type/journal_article},
	doi = {10.1017/S0004972700027489},
	language = {en},
	number = {2},
	urldate = {2023-09-21},
	journal = {Bulletin of the Australian Mathematical Society},
	author = {Easdown, David and Praeger, Cheryl E.},
	month = oct,
	year = {1988},
	pages = {207--220},
}

@article{saunders_minimal_2014,
	title = {Minimal faithful permutation degrees for irreducible {Coxeter} groups and binary polyhedral groups},
	volume = {17},
	issn = {1433-5883, 1435-4446},
	url = {https://www.degruyter.com/document/doi/10.1515/jgt-2014-0012/html},
	doi = {10.1515/jgt-2014-0012},
	language = {en},
	number = {5},
	urldate = {2023-09-21},
	journal = {Journal of Group Theory},
	author = {Saunders, Neil},
	month = sep,
	year = {2014},
	pages = {805--832},
	file = {Texto Completo:C\:\\Users\\Claudio\\Zotero\\storage\\9IKJ5MQE\\Saunders - 2014 - Minimal faithful permutation degrees for irreducib.pdf:application/pdf},
}

@article{easdown_minimal_2016,
	title = {Minimal permutation representations of semidirect products of groups},
	volume = {19},
	issn = {1435-4446, 1433-5883},
	url = {https://www.degruyter.com/document/doi/10.1515/jgth-2016-0015/html},
	doi = {10.1515/jgth-2016-0015},
	language = {en},
	number = {6},
	urldate = {2023-09-21},
	journal = {Journal of Group Theory},
	author = {Easdown, David and Hendriksen, Michael},
	month = nov,
	year = {2016},
	pages = {1017--1048},
	file = {Texto Completo:C\:\\Users\\Claudio\\Zotero\\storage\\TI55SNHB\\Easdown e Hendriksen - 2016 - Minimal permutation representations of semidirect .pdf:application/pdf},
}

@misc{delgado_intpic_2017,
	title = {{IntPic} : a {GAP} package for drawing integers, 9},
	url = {http://www.gap-system.org/Packages/intpic.html},
	author = {Delgado, Manuel},
	year = {2017},
}

@misc{delgado_automata_2005,
	title = {automata: a {GAP} package for finite automata, {Version} 1.05, 2005},
	url = {http://www.gap-system.org/Packages/automata.html},
	author = {Delgado, Manuel and Linton, S and Morais, J},
	year = {2005},
}
